@ARTICLE{5506092, 
author={I. Naseem and R. Togneri and M. Bennamoun}, 
journal={IEEE Transactions on Pattern Analysis and Machine Intelligence}, 
title={Linear Regression for Face Recognition}, 
year={2010}, 
volume={32}, 
number={11}, 
pages={2106-2112}, 
keywords={face recognition;image classification;inverse problems;least squares approximations;regression analysis;distance-based evidence fusion algorithm;face recognition;inverse problem;least-squares method;linear regression classification algorithm;minimum reconstruction error;modular LRC approach;nearest subspace classification;pattern recognition problem;Classification algorithms;Databases;Face recognition;Image reconstruction;Inverse problems;Least squares methods;Linear regression;Pattern recognition;Probes;Protocols;Face recognition;linear regression;nearest subspace classification.;Algorithms;Artificial Intelligence;Biometry;Face;Female;Humans;Image Enhancement;Image Interpretation, Computer-Assisted;Least-Squares Analysis;Linear Models;Male;Pattern Recognition, Automated}, 
doi={10.1109/TPAMI.2010.128}, 
ISSN={0162-8828}, 
month={Nov},}
@ARTICLE{6793549, 
author={M. Turk and A. Pentland}, 
journal={Journal of Cognitive Neuroscience}, 
title={Eigenfaces for Recognition}, 
year={1991}, 
volume={3}, 
number={1}, 
pages={71-86}, 
keywords={}, 
doi={10.1162/jocn.1991.3.1.71}, 
ISSN={0898-929X}, 
month={Jan},}
@ARTICLE{598228, 
author={P. N. Belhumeur and J. P. Hespanha and D. J. Kriegman}, 
journal={IEEE Transactions on Pattern Analysis and Machine Intelligence}, 
title={Eigenfaces vs. Fisherfaces: recognition using class specific linear projection}, 
year={1997}, 
volume={19}, 
number={7}, 
pages={711-720}, 
keywords={face recognition;pattern classification;3D linear subspace;Fisherfaces;Lambertian surface;class specific linear projection;computational requirements;eigenfaces;face recognition;facial expression insensitivity;high-dimensional space;lighting direction insensitivity;linear discriminant;linear projection;low-dimensional subspace;pattern classification;Error analysis;Face detection;Face recognition;Light scattering;Light sources;Lighting;Pattern classification;Pixel;Principal component analysis;Shadow mapping}, 
doi={10.1109/34.598228}, 
ISSN={0162-8828}, 
month={Jul},}
@ARTICLE{927464, 
author={A. S. Georghiades and P. N. Belhumeur and D. J. Kriegman}, 
journal={IEEE Transactions on Pattern Analysis and Machine Intelligence}, 
title={From few to many: illumination cone models for face recognition under variable lighting and pose}, 
year={2001}, 
volume={23}, 
number={6}, 
pages={643-660}, 
keywords={albedo;computer vision;face recognition;image reconstruction;image representation;learning systems;lighting;rendering (computer graphics);albedo;appearance-based method;computer vision;generative models;human face recognition;illumination cone;image reconstruction;image representation;learning systems;lighting;pose modeling;rendering;Face recognition;Humans;Image recognition;Image reconstruction;Lighting;Performance evaluation;Rendering (computer graphics);Shape;Testing;Vectors}, 
doi={10.1109/34.927464}, 
ISSN={0162-8828}, 
month={Jun},}
@ARTICLE{1407873, 
author={Kuang-Chih Lee and J. Ho and D. J. Kriegman}, 
journal={IEEE Transactions on Pattern Analysis and Machine Intelligence}, 
title={Acquiring linear subspaces for face recognition under variable lighting}, 
year={2005}, 
volume={27}, 
number={5}, 
pages={684-698}, 
keywords={computer vision;face recognition;image reconstruction;image representation;principal component analysis;face recognition;harmonic image;illumination subspace;image variation;linear subspace estimation;low-dimensional linear space;principal component analysis;spherical harmonics;synthetic image;variable lighting;Face recognition;Humans;Image analysis;Image recognition;Image reconstruction;Light sources;Lighting;Principal component analysis;Rendering (computer graphics);Shadow mapping;Index Terms- Illumination subspaces;ambient lighting.;face recognition;harmonic images;harmonic subspaces;illumination cone;Algorithms;Artificial Intelligence;Face;Humans;Image Enhancement;Image Interpretation, Computer-Assisted;Information Storage and Retrieval;Lighting;Linear Models;Models, Biological;Numerical Analysis, Computer-Assisted;Pattern Recognition, Automated;Photometry;Reproducibility of Results;Sensitivity and Specificity;Signal Processing, Computer-Assisted}, 
doi={10.1109/TPAMI.2005.92}, 
ISSN={0162-8828}, 
month={May},}
@ARTICLE{1407873, 
author={Kuang-Chih Lee and J. Ho and D. J. Kriegman}, 
journal={IEEE Transactions on Pattern Analysis and Machine Intelligence}, 
title={Acquiring linear subspaces for face recognition under variable lighting}, 
year={2005}, 
volume={27}, 
number={5}, 
pages={684-698}, 
keywords={computer vision;face recognition;image reconstruction;image representation;principal component analysis;face recognition;harmonic image;illumination subspace;image variation;linear subspace estimation;low-dimensional linear space;principal component analysis;spherical harmonics;synthetic image;variable lighting;Face recognition;Humans;Image analysis;Image recognition;Image reconstruction;Light sources;Lighting;Principal component analysis;Rendering (computer graphics);Shadow mapping;Index Terms- Illumination subspaces;ambient lighting.;face recognition;harmonic images;harmonic subspaces;illumination cone;Algorithms;Artificial Intelligence;Face;Humans;Image Enhancement;Image Interpretation, Computer-Assisted;Information Storage and Retrieval;Lighting;Linear Models;Models, Biological;Numerical Analysis, Computer-Assisted;Pattern Recognition, Automated;Photometry;Reproducibility of Results;Sensitivity and Specificity;Signal Processing, Computer-Assisted}, 
doi={10.1109/TPAMI.2005.92}, 
ISSN={0162-8828}, 
month={May},}
@ARTICLE{1407873, 
author={Kuang-Chih Lee and J. Ho and D. J. Kriegman}, 
journal={IEEE Transactions on Pattern Analysis and Machine Intelligence}, 
title={Acquiring linear subspaces for face recognition under variable lighting}, 
year={2005}, 
volume={27}, 
number={5}, 
pages={684-698}, 
keywords={computer vision;face recognition;image reconstruction;image representation;principal component analysis;face recognition;harmonic image;illumination subspace;image variation;linear subspace estimation;low-dimensional linear space;principal component analysis;spherical harmonics;synthetic image;variable lighting;Face recognition;Humans;Image analysis;Image recognition;Image reconstruction;Light sources;Lighting;Principal component analysis;Rendering (computer graphics);Shadow mapping;Index Terms- Illumination subspaces;ambient lighting.;face recognition;harmonic images;harmonic subspaces;illumination cone;Algorithms;Artificial Intelligence;Face;Humans;Image Enhancement;Image Interpretation, Computer-Assisted;Information Storage and Retrieval;Lighting;Linear Models;Models, Biological;Numerical Analysis, Computer-Assisted;Pattern Recognition, Automated;Photometry;Reproducibility of Results;Sensitivity and Specificity;Signal Processing, Computer-Assisted}, 
doi={10.1109/TPAMI.2005.92}, 
ISSN={0162-8828}, 
month={May},}
@ARTICLE{1261097, 
author={Jian Yang and D. Zhang and A. F. Frangi and Jing-yu Yang}, 
journal={IEEE Transactions on Pattern Analysis and Machine Intelligence}, 
title={Two-dimensional PCA: a new approach to appearance-based face representation and recognition}, 
year={2004}, 
volume={26}, 
number={1}, 
pages={131-137}, 
keywords={face recognition;feature extraction;image representation;principal component analysis;visual databases;2D image matrices;AR database;ORL database;Yale face database;eigenfaces;eigenvectors;face image databases;face recognition;face representation;feature extraction;image covariance matrix;image representation;principal component analysis;two-dimensional PCA;Covariance matrix;Face detection;Face recognition;Feature extraction;Image databases;Image representation;Independent component analysis;Kernel;Lighting;Principal component analysis;Algorithms;Artificial Intelligence;Computer Simulation;Face;Female;Humans;Image Enhancement;Image Interpretation, Computer-Assisted;Information Storage and Retrieval;Male;Numerical Analysis, Computer-Assisted;Pattern Recognition, Automated;Principal Component Analysis;Reproducibility of Results;Sensitivity and Specificity;Signal Processing, Computer-Assisted;Subtraction Technique}, 
doi={10.1109/TPAMI.2004.1261097}, 
ISSN={0162-8828}, 
month={Jan},}

@ARTICLE{1580480, 
author={S. Fidler and D. Skocaj and A. Leonardis}, 
journal={IEEE Transactions on Pattern Analysis and Machine Intelligence}, 
title={Combining reconstructive and discriminative subspace methods for robust classification and regression by subsampling}, 
year={2006}, 
volume={28}, 
number={3}, 
pages={337-350}, 
keywords={computer vision;image classification;image resolution;statistical analysis;canonical correlation analysis;computer vision;discriminative subspace methods;image pixels;linear discrimination analysis;linear subspace methods;principal component analysis;reconstructive subspace methods;regression tasks;robust classification;Computer vision;Electric breakdown;Image reconstruction;Independent component analysis;Linear discriminant analysis;Pattern recognition;Pixel;Principal component analysis;Robustness;Scattering;CCA;LDA;PCA;Subspace methods;discriminative methods;high-breakdown point classification;occlusion.;outlier detection;reconstructive methods;robust classification;robust regression;subsampling;Algorithms;Artificial Intelligence;Cluster Analysis;Computer Simulation;Discriminant Analysis;Face;Humans;Image Enhancement;Image Interpretation, Computer-Assisted;Information Storage and Retrieval;Models, Biological;Models, Statistical;Pattern Recognition, Automated;Principal Component Analysis;Regression Analysis;Reproducibility of Results;Sample Size;Sensitivity and Specificity;Signal Processing, Computer-Assisted}, 
doi={10.1109/TPAMI.2006.46}, 
ISSN={0162-8828}, 
month={March},}
@ARTICLE{667881, 
author={J. Kittler and M. Hatef and R. P. W. Duin and J. Matas}, 
journal={IEEE Transactions on Pattern Analysis and Machine Intelligence}, 
title={On combining classifiers}, 
year={1998}, 
volume={20}, 
number={3}, 
pages={226-239}, 
keywords={decision theory;hidden Markov models;pattern classification;probability;classifiers;compound classification;estimation errors;pattern representations;sensitivity analysis;Boosting;Computer Society;Decision making;Estimation error;Helium;Neural networks;Pattern recognition;Sensitivity analysis;Voting}, 
doi={10.1109/34.667881}, 
ISSN={0162-8828}, 
month={Mar},}
@ARTICLE{4483511, 
author={J. Wright and A. Y. Yang and A. Ganesh and S. S. Sastry and Y. Ma}, 
journal={IEEE Transactions on Pattern Analysis and Machine Intelligence}, 
title={Robust Face Recognition via Sparse Representation}, 
year={2009}, 
volume={31}, 
number={2}, 
pages={210-227}, 
keywords={face recognition;feature extraction;lightning;object recognition;random processes;regression analysis;signal representation;Laplacianfaces;downsampled images;eigenfaces;feature extraction;illumination;image-based object recognition;multiple linear regression model;occlusion;random projections;robust face recognition;sparse signal representation;Classification algorithms;Face recognition;Feature extraction;Humans;Image recognition;Lighting;Linear regression;Object recognition;Robustness;Signal representations;Classifier design and evaluation;Face and gesture recognition;Face recognition;Feature evaluation and selection;Occlusion;Outlier rejection;Spare representation;compressed sensing;ell^{1}--minimization;feature extraction;occlusion and corruption;sparse representation;validation and outlier rejection.;Algorithms;Artificial Intelligence;Biometry;Cluster Analysis;Face;Humans;Image Enhancement;Image Interpretation, Computer-Assisted;Pattern Recognition, Automated;Reproducibility of Results;Sensitivity and Specificity;Subtraction Technique}, 
doi={10.1109/TPAMI.2008.79}, 
ISSN={0162-8828}, 
month={Feb},}
@ARTICLE{1177153, 
author={R. Basri and D. W. Jacobs}, 
journal={IEEE Transactions on Pattern Analysis and Machine Intelligence}, 
title={Lambertian reflectance and linear subspaces}, 
year={2003}, 
volume={25}, 
number={2}, 
pages={218-233}, 
keywords={convex programming;image recognition;object recognition;reflectivity;2D query image;4D linear space;9D linear subspace;Lambertian reflectance;analytic characterization;convex Lambertian object image set;convex optimization;convolution analog;distant light sources;intensities;linear methods;linear subspaces;nonnegative lighting functions;object recognition;spherical harmonics;surface normals;Convolution;Face recognition;Harmonic analysis;Jacobian matrices;Kernel;Light sources;Object recognition;Optimization methods;Power harmonic filters;Reflectivity}, 
doi={10.1109/TPAMI.2003.1177153}, 
ISSN={0162-8828}, 
month={Feb},}
@ARTICLE{4237190, 
author={X. Chai and S. Shan and X. Chen and W. Gao}, 
journal={IEEE Transactions on Image Processing}, 
title={Locally Linear Regression for Pose-Invariant Face Recognition}, 
year={2007}, 
volume={16}, 
number={7}, 
pages={1716-1725}, 
keywords={face recognition;image sampling;regression analysis;approximate linear mapping;dense sampling;locally linear regression technique;nonfrontal face image;pose-invariant face recognition;virtual frontal patch;virtual frontal view;Computers;Degradation;Face recognition;Geophysical measurement techniques;Ground penetrating radar;Image databases;Image recognition;Linear approximation;Linear regression;Probes;Dense sampling;face recognition;local patch;locally linear regression (LLR);virtual frontal view;Algorithms;Artificial Intelligence;Biometry;Computer Simulation;Face;Facial Expression;Humans;Image Enhancement;Image Interpretation, Computer-Assisted;Linear Models;Models, Biological;Models, Statistical;Pattern Recognition, Automated;Regression Analysis;Reproducibility of Results;Sensitivity and Specificity}, 
doi={10.1109/TIP.2007.899195}, 
ISSN={1057-7149}, 
month={July},}
@ARTICLE{1114855, 
author={Jen-Tzung Chien and Chia-Chen Wu}, 
journal={IEEE Transactions on Pattern Analysis and Machine Intelligence}, 
title={Discriminant waveletfaces and nearest feature classifiers for face recognition}, 
year={2002}, 
volume={24}, 
number={12}, 
pages={1644-1649}, 
keywords={eigenvalues and eigenfunctions;face recognition;feature extraction;image classification;statistical analysis;wavelet transforms;classification rule;discriminant waveletfaces;experiments;face recognition;feature extraction;linear discriminant analysis;multiresolution wavelet transform;nearest feature classifiers;nearest feature line classifiers;nearest feature plane;nearest feature space;nearest neighbor classifiers;Authentication;Discrete wavelet transforms;Face detection;Face recognition;Feature extraction;Linear discriminant analysis;Nearest neighbor searches;Neural networks;Prototypes;Robustness}, 
doi={10.1109/TPAMI.2002.1114855}, 
ISSN={0162-8828}, 
month={Dec},}
@INPROCEEDINGS{323814,
author={A. Pentland and B. Moghaddam and T. Starner}, 
booktitle={1994 Proceedings of IEEE Conference on Computer Vision and Pattern Recognition}, 
title={View-based and modular eigenspaces for face recognition}, 
year={1994}, 
volume={}, 
number={}, 
pages={84-91}, 
keywords={face recognition;feature extraction;interactive systems;visual databases;automatic feature extraction;eyes;face recognition;feature eigentemplates;general viewing orientation;interactive search;large-scale face database;modular eigenspaces;mouth;nose;recognition rates;variable pose;view-based multiple-observer eigenspace technique;visual recognition;Feature extraction;Image databases;Image shape analysis;Interactive systems}, 
doi={10.1109/CVPR.1994.323814}, 
ISSN={1063-6919}, 
month={Jun},}
@ARTICLE{4359331, 
author={X. Jiang and B. Mandal and A. Kot}, 
journal={IEEE Transactions on Pattern Analysis and Machine Intelligence}, 
title={Eigenfeature Regularization and Extraction in Face Recognition}, 
year={2008}, 
volume={30}, 
number={3}, 
pages={383-394}, 
keywords={eigenvalues and eigenfunctions;face recognition;feature extraction;matrix decomposition;eigenfeature extraction;eigenfeature regularization;eigenspectrum model;face recognition;matrix decomposition;within-class scatter matrix;Face recognition;feature extraction;linear discriminant analysis;regularization;subspace methods;Algorithms;Artificial Intelligence;Biometry;Face;Humans;Image Enhancement;Image Interpretation, Computer-Assisted;Pattern Recognition, Automated;Reproducibility of Results;Sensitivity and Specificity;Subtraction Technique}, 
doi={10.1109/TPAMI.2007.70708}, 
ISSN={0162-8828}, 
month={March},}
@ARTICLE{1593701, 
author={J. Lu and K. N. Plataniotis and A. N. Venetsanopoulos and S. Z. Li}, 
journal={IEEE Transactions on Neural Networks}, 
title={Ensemble-based discriminant learning with boosting for face recognition}, 
year={2006}, 
volume={17}, 
number={1}, 
pages={166-178}, 
keywords={face recognition;learning (artificial intelligence);boosting;ensemble-based discriminant learning;face recognition;linear discriminant analysis;machine learning;Authentication;Biometrics;Boosting;Engines;Face detection;Face recognition;Indexing;Linear discriminant analysis;Machine learning;Monitoring;Boosting;face recognition (FR);linear discriminant analysis;machine learning;mixture of linear models;small-sample-size (SSS) problem;strong learner;Algorithms;Artificial Intelligence;Databases, Factual;Face;Pattern Recognition, Automated}, 
doi={10.1109/TNN.2005.860853}, 
ISSN={1045-9227}, 
month={Jan},}

@BOOK{b1, 
author={I.T. Jolliffe}, 
title={Principal Component Analysis}, 
publisher={},
year={1986},}
@article{comon1994independent,
  title={Independent component analysis, a new concept?},
  author={Comon, Pierre},
  journal={Signal processing},
  volume={36},
  number={3},
  pages={287--314},
  year={1994},
  publisher={Elsevier}
}
@book{duda2012pattern,
  title={Pattern classification},
  author={Duda, Richard O and Hart, Peter E and Stork, David G},
  year={2012},
  publisher={John Wiley \& Sons}
}
@article{basri2003lambertian,
  title={Lambertian reflectance and linear subspaces},
  author={Basri, Ronen and Jacobs, David W},
  journal={IEEE transactions on pattern analysis and machine intelligence},
  volume={25},
  number={2},
  pages={218--233},
  year={2003},
  publisher={IEEE}
}
@incollection{bartlett2001independent,
  title={Independent component representations for face recognition},
  author={Bartlett, Marian Stewart},
  booktitle={Face Image Analysis by Unsupervised Learning},
  pages={39--67},
  year={2001},
  publisher={Springer}
}